@Article{ps:1975,
  author =       {Stuart J. Pocock and Richard Simon},
  title =        {Sequential Treatment Assignment with Balancing for
                  Prognostic Factors in the Controlled Clinical Trial},
  journal =      {Biometrics},
  year =         {1975},
  volume =       {31},
  number =       {1},
  pages =        {103-115}
}
